<record><leader>00000cas a22000007a 4500</leader><controlfield tag="001">9295924</controlfield><controlfield tag="008">830309d1864186uiauwr ne      0   a0eng d</controlfield><datafield ind1=" " ind2=" " tag="010"><subfield code="a">sn 83025169 </subfield></datafield><datafield ind1=" " ind2=" " tag="040"><subfield code="a">NPV</subfield><subfield code="b">eng</subfield><subfield code="c">NPV</subfield><subfield code="d">INP</subfield><subfield code="d">OCLCQ</subfield></datafield><datafield ind1=" " ind2=" " tag="042"><subfield code="a">msc</subfield></datafield><datafield ind1=" " ind2=" " tag="043"><subfield code="a">n-us-ia</subfield></datafield><datafield ind1=" " ind2=" " tag="052"><subfield code="a">4153</subfield><subfield code="b">P2</subfield></datafield><datafield ind1="0" ind2="0" tag="245"><subfield code="a">South-western Iowa observer.</subfield></datafield><datafield ind1="1" ind2="3" tag="246"><subfield code="a">Observer</subfield><subfield code="f">&lt;July 2, 1864&gt;</subfield></datafield><datafield ind1=" " ind2=" " tag="260"><subfield code="a">Clarinda, Page County, Iowa :</subfield><subfield code="b">Smith</subfield></datafield><datafield ind1=" " ind2=" " tag="300"><subfield code="a">v. :</subfield><subfield code="b">ill. ;</subfield><subfield code="c">54 cm.</subfield></datafield><datafield ind1=" " ind2=" " tag="310"><subfield code="a">Weekly</subfield></datafield><datafield ind1="1" ind2=" " tag="362"><subfield code="a">Began in 1864.</subfield></datafield><datafield ind1=" " ind2=" " tag="588"><subfield code="a">Description based on: Vol. 1, no. 7 (July 2, 1864).</subfield></datafield><datafield ind1=" " ind2=" " tag="752"><subfield code="a">United States</subfield><subfield code="b">Iowa</subfield><subfield code="c">Page</subfield><subfield code="d">Clarinda.</subfield></datafield><datafield ind1="0" ind2="0" tag="780"><subfield code="t">Page County herald (Clarinda, Iowa : 1859)</subfield><subfield code="w">(DLC)sn 85049640</subfield></datafield><datafield ind1="0" ind2="0" tag="785"><subfield code="t">Page County herald (Clarinda, Iowa : 1865)</subfield></datafield></record>